@article{Khoe:1994:CML:2288694.2294265,
    author = {Khoe, G. -D.},
    title = {Coherent multicarrier lightwave technology for flexible capacity networks},
    journal = {Comm. Mag.},
    issue_date = {March 1994},
    volume = {32},
    number = {3},
    month = mar,
    year = {1994},
    issn = {0163-6804},
    pages = {22--33},
    numpages = {12},
    url = {http://dx.doi.org/10.1109/35.267438},
    doi = {10.1109/35.267438},
    acmid = {2294265},
    publisher = {IEEE Press},
    address = {Piscataway, NJ, USA},
}
@misc{opencv,
  title={Open Source Computer Vision Library},
  author={OpenCV},
  year={2018},
  howpublished = {\url{https://github.com/opencv/opencv}}
}
@book{forsyth, place={Boston}, title={Computer vision: a modern approach}, publisher={Pearson}, author={Forsyth, David and Ponce, Jean}, year={2011}}

@article{opencv_library,
    author = {Bradski, G.},
    citeulike-article-id = {2236121},
    journal = {Dr. Dobb's Journal of Software Tools},
    keywords = {bibtex-import},
    posted-at = {2008-01-15 19:21:54},
    priority = {4},
    title = {{The OpenCV Library}},
    year = {2000}
}