
@article{opencv,
    author = {Bradski, G.},
    citeulike-article-id = {2236121},
    journal = {Dr. Dobb's Journal of Software Tools},
    keywords = {bibtex-import},
    posted-at = {2008-01-15 19:21:54},
    priority = {4},
    title = {{The OpenCV Library}},
    year = {2000}
}
@article{cehovin,
  author    = {Luka Cehovin and
               Ales Leonardis and
               Matej Kristan},
  title     = {Visual object tracking performance measures revisited},
  journal   = {CoRR},
  volume    = {abs/1502.05803},
  year      = {2015}
}
@article{henriques,
  author    = {Jo{\~{a}}o F. Henriques and
               Rui Caseiro and
               Pedro Martins and
               Jorge Batista},
  title     = {High-Speed Tracking with Kernelized Correlation Filters},
  journal   = {CoRR},
  volume    = {abs/1404.7584},
  year      = {2014}
}



@article{grewal,
  doi = {10.1109/mcs.2010.936465},
  url = {https://doi.org/10.1109/mcs.2010.936465},
  year  = {2010},
  month = {jun},
  publisher = {Institute of Electrical and Electronics Engineers ({IEEE})},
  volume = {30},
  number = {3},
  pages = {69--78},
  author = {Mohinder Grewal and Angus Andrews},
  title = {Applications of Kalman Filtering in Aerospace 1960 to the Present [Historical Perspectives},
  journal = {{IEEE} Control Systems Magazine}
}
@incollection{henriques2012,
  doi = {10.1007/978-3-642-33765-9_50},
  url = {https://doi.org/10.1007/978-3-642-33765-9_50},
  year  = {2012},
  publisher = {Springer Berlin Heidelberg},
  pages = {702--715},
  author = {Jo{\~{a}}o F. Henriques and Rui Caseiro and Pedro Martins and Jorge Batista},
  title = {Exploiting the Circulant Structure of Tracking-by-Detection with Kernels},
  booktitle = {Computer Vision {\textendash} {ECCV} 2012}
}

@misc{ balzer82,
   author = "{Balzer}",
   title = "Kalman --- Some Python Implementations of the Kalman Filter",
   year = "2018",
   url = "https://balzer82.github.io/Kalman/",
   note = "[Online; accessada 13 de Junho de 2018]"
 }
@misc{ wikipedia,
   author = "{Wikipedia contributors}",
   title = "Kalman Filter --- {W}ikipedia{,} The Free Encyclopedia",
   year = "2018",
   url = "https://en.wikipedia.org/wiki/Kalman_filter",
   note = "[Online; accessada 13 de Junho de 2018]"
 }

@article{kalman,
author = {Kalman, Rudolf},
year = {1960},
month = {01},
pages = {35-45},
title = {A New Approach to Linear Filtering and Prediction Problems},
volume = {82},
Journal = {Transactions of the ASME - Journal of basic Engineering}
}